@article{einstein,
author =       "Albert Einstein",
title =        "{Zur Elektrodynamik bewegter K{\"o}rper}. ({German})
[{On} the electrodynamics of moving bodies]",
journal =      "Annalen der Physik",
volume =       "322",
number =       "10",
pages =        "891--921",
year =         "1905"}
 
@book{latexcompanion,
author    = "Michel Goossens and Frank Mittelbach and Alexander Samarin",
title     = "The \LaTeX\ Companion",
year      = "1993",
publisher = "Addison-Wesley"}
